@online{stajemobing,
title={Šta je mobing?},
url={https://mobing.rs/sta-je-mobing/},
urldate={19. 11. 2023.}
}

@online{unreport,
title={More than 1 in 5 worldwide suffering from violence at work: ILO},
url={https://news.un.org/en/story/2022/12/1131372},
urldate={15. 11. 2023.}
}

@online{wpeareport,
title={Workplace Bullying Is on the Rise [2021 Study]},
author={Max Woolf},
url={https://www.workplaceethicsadvice.com/2021/02/workplace-bullying-is-on-the-rise-2021-study.html},
urldate={15. 11. 2023.}
}

@online{jar1,
title={Workplace bullying: Remedies and recourse in South African Law},
author={Werksmans Attorneys, Bradley Workman-Davies},
url={https://labourguide.co.za/general/workplace-bullying-remedies-and-recourse-in-south-african-law},
urldate={15. 11. 2023.}
}

@online{jar2,
title={Dealing with bullying in the workplace},
url={https://www.eapasa.co.za/dealing-with-bullying-in-the-workplace/},
urldate={15. 11. 2023.}
}

@online{samo15,
title={Workplace Bullying Protections Differ Globally},
author={Ellen Pinkos Cobb},
url=https://www.shrm.org/resourcesandtools/hr-topics/global-hr/pages/workplace-bullying-protections-differ-globally.aspx},
urldate={15. 11. 2023.}
}

@online{francemobbing,
title={French Law Prohibiting Bullying in the Workplace},
author={Philippe Thomas},
url={https://www.thehrdirector.com/business-news/diversity-and-equality-inclusion/french-law-prohibiting-bullying-in-the-workplace/},
urldate={15. 11. 2023.}
}

@online{usharassment,
title={Harassment},
author={U.S. Equal Employment Opportunity Commision},
url={Harassment},
urldate={15. 11. 2023.}
}

@article{fenomensrbijaevropa,
title={Fenomen mobinga u Srbiji i Evropi},
author={Marko Trišić, Jovana Petrović, Dušan Garabinović},
journal={Trendovi u poslovanju, Visoka škole za poslovnu ekonomiju i preduzetništvo},
volume={1},
number={9},
year={2017}
}

@online{kamaticacetvrtina,
title={Četvrtina radnika u Srbiji trpi mobing},
author={Kamatica, 24 sata},
url={https://www.kamatica.com/biznis/cetvrtina-radnika-u-srbiji-trpi-mobing/3612},
urldate={14. 11. 2023.}
}

@online{kritikazszr,
title={Komentar Zakona o sprečavanju zlostavljanja na radu},
author={Republička agencija za mirno rešavanje radnih sporova, Olga Kićanović},
url={https://www.ramrrs.gov.rs/storage/documents/KOMENTAR-PDF.pdf},
urldate={14. 11. 2023.}
}

@article{leymannmobbing,
title={Mobbing and Psychological Terror at Workplaces},
author={Heinz Leymann},
journal={Violence and Victims},
volume={5}
number={2},
year={1990}
}

@article{zszr,
title={Zakon o sprečavanju zlostavljanja na radu},
journal={Službeni glasnik Republike Srbije},
number={36/2010-3}
}

@online{vrstemobinga,
title={Vrste i faze mobinga}
url={https://mobing.rs/vrste-i-faze-mobinga/}
}

@article{CORNOIU2013708,
title = {Mobbing in Organizations. Benefits of Identifying the Phenomenon},
journal = {Procedia - Social and Behavioral Sciences},
volume = {78},
pages = {708-712},
year = {2013},
note = {PSIWORLD 2012},
issn = {1877-0428},
doi = {https://doi.org/10.1016/j.sbspro.2013.04.380},
url = {https://www.sciencedirect.com/science/article/pii/S187704281300949X},
author = {Teodora Simona Cornoiu and Manuela Gyorgy},
keywords = {Mobbing, Organization, Intervention, Victim},
}

@article{ERTURK20143669,
title = {Causes of Mobbing Behavior},
journal = {Procedia - Social and Behavioral Sciences},
volume = {116},
pages = {3669-3678},
year = {2014},
note = {5th World Conference on Educational Sciences},
issn = {1877-0428},
doi = {https://doi.org/10.1016/j.sbspro.2014.01.821},
url = {https://www.sciencedirect.com/science/article/pii/S1877042814008386},
author = {Abbas Ertürk and Necati Cemaloğlu},
keywords = {Mobbing, causes of mobbing, gender, career, seniority},
}

@article{ERGIN2023115595,
title = {Mobbing among seafarers: Scale development and application of an interval type-2 fuzzy logic system},
journal = {Ocean Engineering},
volume = {286},
pages = {115595},
year = {2023},
issn = {0029-8018},
doi = {https://doi.org/10.1016/j.oceaneng.2023.115595},
url = {https://www.sciencedirect.com/science/article/pii/S0029801823019790},
author = {Ayfer Ergin and Baris Sandal},
keywords = {Mobbing, Scale development, Interval type-2 fuzzy logic system (IT2FLS), Seafarers, Workplace bullying, Maritime industry},
}

@article{VARAHORNA2023e21096,
title = {Direct and indirect effects of workplace sexual harassment on the productivity of victims and witnesses: The preventive role of equitable management},
journal = {Heliyon},
volume = {9},
number = {11},
pages = {e21096},
year = {2023},
issn = {2405-8440},
doi = {https://doi.org/10.1016/j.heliyon.2023.e21096},
url = {https://www.sciencedirect.com/science/article/pii/S2405844023083044},
author = {Arístides A. Vara-Horna and Alberto Díaz-Rosillo and Zaida Asencios-Gonzalez and Liliana Quipuzco-Chicata},
keywords = {Workplace sexual harassment, Companies, Women, Equitable management, Witness, Labor productivity},
}

@article{CELEP20124761,
title = {Primary School Teacher's Experience with Mobbing and Teacher's Self-Efficacy Perceptions},
journal = {Procedia - Social and Behavioral Sciences},
volume = {46},
pages = {4761-4774},
year = {2012},
note = {4th WORLD CONFERENCE ON EDUCATIONAL SCIENCES (WCES-2012) 02-05 February 2012 Barcelona, Spain},
issn = {1877-0428},
doi = {https://doi.org/10.1016/j.sbspro.2012.06.332},
url = {https://www.sciencedirect.com/science/article/pii/S187704281202068X},
author = {Cevat Celep and Evrim Eminoglu},
keywords = {Mobbing, Mobbing carried out by the school officials, Mobbing carried out by other colleagues, self-efficiency, psychological terror, psychological violence},
}

@article{ELCI2014455,
title = {The Mediating Role of Mobbing on the Relationship between Organizational Silence and Turnover Intention},
journal = {Procedia - Social and Behavioral Sciences},
volume = {150},
pages = {455-464},
year = {2014},
note = {10th International Strategic Management Conference 2014},
issn = {1877-0428},
doi = {https://doi.org/10.1016/j.sbspro.2014.09.053},
url = {https://www.sciencedirect.com/science/article/pii/S1877042814051027},
author = {Meral Elçi and Melisa Karabay Erdilek and Lütfihak Alpkan and İrge Şener},
keywords = {Mobbing, Organizational Silence, Turnover Intention, Private and Public Sector},
}

@article{ege2000mobbing,
title={Mobbing: il terrore psicologico sul posto di lavoro e le sue conseguenze psicofisiche sull’individuo},
author={Ege, Harald},
journal={Leadership Medica C},
volume={3},
year={2000}
}